%%% Bib file for Analysis chapter
%% Qstar Model
@article{Baur:1987ga,
      author         = "Baur, U. and Hinchliffe, I. and Zeppenfeld, D.",
      title          = "{Excited Quark Production at Hadron Colliders}",
      journal        = "Int.J.Mod.Phys.",
      volume         = "A2",
      pages          = "1285",
      doi            = "10.1142/S0217751X87000661",
      year           = "1987",
      reportNumber   = "FERMILAB-CONF-87-102-T, MAD-PH-354, LBL-23645, C87-05-11",
      SLACcitation   = "%%CITATION = IMPAE,A2,1285;%%",
}
@article{Baur:1989kv,
      author         = "Baur, U. and Spira, M. and Zerwas, P.M.",
      title          = "{Excited Quark and Lepton Production at Hadron Colliders}",
      journal        = "Phys.Rev.",
      volume         = "D42",
      pages          = "815-824",
      doi            = "10.1103/PhysRevD.42.815",
      year           = "1990",
      reportNumber   = "MAD-PH-534, PITHA-89-26",
      SLACcitation   = "%%CITATION = PHRVA,D42,815;%%",
}
@article{Bhattacharya:2009xg,
      author         = "Bhattacharya, Satyaki and Chauhan, Sushil Singh and Choudhary, Brajesh Chandra and Choudhury, Debajyoti",
      title          = "{Quark Excitations Through the Prism of Direct Photon Plus Jet at the LHC}",
      journal        = "Phys.Rev.",
      volume         = "D80",
      pages          = "015014",
      doi            = "10.1103/PhysRevD.80.015014",
      year           = "2009",
      eprint         = "0901.3927",
      archivePrefix  = "arXiv",
      primaryClass   = "hep-ph",
      SLACcitation   = "%%CITATION = ARXIV:0901.3927;%%",
}

%% LHC GRID 
@book{Eck:840543,
      author        = "Eck, Christoph and Knobloch, J and Robertson, Leslie and
                       Bird, I and Bos, K and Brook, N and DÃ¼llmann, D and Fisk,
                       I and Foster, D and Gibbard, B and Grandi, C and Grey, F
                       and Harvey, J and Heiss, A and Hemmer, F and Jarp, S and
                       Jones, R and Kelsey, D and Lamanna, M and Marten, H and
                       Mato-Vila, P and Ould-Saada, F and Panzer-Steindel, B and
                       Perini, L and Schutz, Y and Schwickerath, U and Shiers, J
                       and Wenaus, T",
      title         = "{LHC computing Grid: Technical Design Report. Version 1.06 (20 Jun 2005)}",
      publisher     = "CERN",
      address       = "Geneva",
      series        = "Technical Design Report LCG",
      year          = "2005",
      url           = "https://cds.cern.ch/record/840543",
}
%% CRAB
@techreport{Sala:1358821,
      author        = "Sala, Leonardo",
      title         = "{CRAB: Distributed analysis tool for CMS}",
      institution   = "CERN",
      collaboration = "CMS",
      address       = "Geneva",
      number        = "CMS-CR-2009-318",
      month         = "Oct",
      year          = "2009",
      reportNumber  = "CMS-CR-2009-318",
      url           = "https://cds.cern.ch/record/1358821",
}
%% Pileup
@misc{Web:Pileup,
    author         = "Chatrchyan, S. and others",
    title          = {CMS Luminosity - Public Results},
    collaboration  = "CMS",
    howpublished   = {\url{https://twiki.cern.ch/twiki/bin/view/CMSPublic/LumiPublicResults}},
    note           = {Accessed: 2015-05-30},
}
%%FastJet
@article{Cacciari2011ma,
	  author         = "Cacciari, Matteo and Salam, Gavin P. and Soyez, Gregory",
	  title          = "{FastJet User Manual}",
	  journal        = "Eur. Phys. J. C",
	  volume         = "72",
	  pages          = "1896",
	  doi            = "10.1140/epjc/s10052-012-1896-2",
	  year           = "2012",
	  eprint         = "1111.6097",
	  archivePrefix  = "arXiv",
	  primaryClass   = "hep-ph",
	  reportNumber   = "CERN-PH-TH-2011-297",
	  SLACcitation   = "%%CITATION = ARXIV:1111.6097;%%",
}
%% KFactor 1.3
@Article{kfactor,                            
   author    = "David Futyan, Mauro Donega, Matteo Sani",
   title     = "Updated measurements of the new Higgs-like boson at 125 GeV in the two photon decay channel",
   journal   = "CMS AN",                     
   volume    = "2013/008",                   
   year      = "2013"                        
}
@article{dijetkfactor1,                                                                                                                                                            
              author         = "Ellis, Stephen D. and Kunszt, Zoltan and Soper, Davison E.",
              title          = "{Two jet production in hadron collisions at order $\alpha_{s}^{3}$ in QCD}",
              journal        = "Phys.Rev.Lett.",
              volume         = "69",
              pages          = "1496-1499",
              doi            = "10.1103/PhysRevLett.69.1496",
              year           = "1992",
             reportNumber   = "OITS-495, UW-PT-92-08, ETH-PT-92-22",
             SLACcitation   = "%%CITATION = PRLTA,69,1496;%%",
}
@article{dijetkfactor2,
              author         = "Giele, W.T. and Glover, E.W. Nigel and Kosower, David A.",
              title          = "{Higher order corrections to jet cross-sections in hadron colliders}",
              journal        = "Nucl.Phys.",
              volume         = "B403",
              pages          = "633-670",
              doi            = "10.1016/0550-3213(93)90365-V",
              year           = "1993",
              eprint         = "hep-ph/9302225",
              archivePrefix  = "arXiv",
              primaryClass   = "hep-ph",
              reportNumber   = "FERMILAB-PUB-92-230-T, DTP-92-64, CERN-TH-6750-92",
            SLACcitation   = "%%CITATION = HEP-PH/9302225;%%",
}
@Article{Interpolation,              
   author    = "Ozturk, Sertac and Jeong, Chiyoung and Lee, Sung-Won and Harris, Robert M. and Kousouris, Konstantinos",
   title     = "Plans to Search for New Particles Decaying to Dijets in $pp$ Collisions at $\sqrt{s}$ = 10 TeV",
   journal   = "CMS AN",
   volume    = "2009/070",
   year      = "2009"
}
%% CDF collaboration
@article{Aaltonen:2008dn,    
          author         = "Aaltonen, T. and others",
          title          = "{Search for new particles decaying into dijets in proton-antiproton collisions at $\sqrt{s}=1.96$ TeV}", 
          collaboration  = "CDF",
          journal        = "Phys. Rev. D",
          volume         = "79",
          pages          = "112002",
          doi            = "10.1103/PhysRevD.79.112002",
          year           = "2009",
          eprint         = "0812.4036",
          archivePrefix  = "arXiv",
          primaryClass   = "hep-ex",
          reportNumber   = "FERMILAB-PUB-08-572-E",
          SLACcitation   = "%%CITATION = ARXIV:0812.4036;%%",
} 
%%% CMS Dijet 8 TeV
@article{Chatrchyan:2013qha,     
          author         = "Chatrchyan, Serguei and others",
          title          = "{Search for narrow resonances using the dijet mass spectrum in pp collisions at $\sqrt{s}=8$ TeV}",
          collaboration  = "CMS",
          journal        = "Phys. Rev. D",
          volume         = "87",
          pages          = "114015",
          doi            = "10.1103/PhysRevD.87.114015",
          year           = "2013",
          eprint         = "1302.4794",
          archivePrefix  = "arXiv",
          primaryClass   = "hep-ex",
          reportNumber   = "CMS-EXO-12-016, CERN-PH-EP-2013-015",
          SLACcitation   = "%%CITATION = ARXIV:1302.4794;%%",
}         
%%% ATLAS gamjet 7 TeV
@article{ATLAS:2011ai,            
          author         = "Aad, Georges and others",
          title          = "{Search for production of resonant states in the photon-jet mass distribution using pp collisions at $\sqrt{s}=7$ TeV collected by the ATLAS detector}",
          collaboration  = "ATLAS",
          journal        = "Phys. Rev. Lett.",
          volume         = "108", 
          pages          = "211802",
          doi            = "10.1103/PhysRevLett.108.211802",
          year           = "2012",
          eprint         = "1112.3580",
          archivePrefix  = "arXiv",
          primaryClass   = "hep-ex",
          reportNumber   = "CERN-PH-EP-2011-203",
          SLACcitation   = "%%CITATION = ARXIV:1112.3580;%%",
}                  
%% ATLAS gamjet 8 TeV
@article{Aad:2013cva,             
          author         = "Aad, Georges and others",
          title          = "{Search for new phenomena in photon+jet events collected in proton--proton collisions at $\sqrt{s}$ = 8 TeV with the ATLAS detector}",
          collaboration  = "ATLAS",
          journal        = "Phys. Lett. B",
          volume         = "728", 
          pages          = "562", 
          doi            = "10.1016/j.physletb.2013.12.029",
          year           = "2014",
          eprint         = "1309.3230",
          archivePrefix  = "arXiv",
          primaryClass   = "hep-ex",
          reportNumber   = "CERN-PH-EP-2013-126, CERN-PH-2013-126",
          SLACcitation   = "%%CITATION = ARXIV:1309.3230;%%",
}   
%%CMSSHOW   
@misc{Web:cmsShow,
    author         = "Chatrchyan, S. and others",
    title     = "{Physics Analysis Oriented Event Display}",
    collaboration  = "CMS",
    howpublished   = {\url{https://twiki.cern.ch/twiki/bin/view/CMSPublic/WorkBookFireworks}},
    note           = {Accessed: 2015},
}     
%%% JES
@article{Chatrchyan:2011ds,   
          author         = "Chatrchyan, Serguei and others",
          title          = "{Determination of Jet Energy Calibration and Transverse Momentum Resolution in CMS}",
          collaboration  = "CMS",
          journal        = "JINST",
          volume         = "6",
          pages          = "P11002",
          doi            = "10.1088/1748-0221/6/11/P11002",
          year           = "2011",
          eprint         = "1107.4277",
          archivePrefix  = "arXiv",
          primaryClass   = "physics.ins-det",
          reportNumber   = "CERN-PH-EP-2011-102, CMS-JME-10-011",
          SLACcitation   = "%%CITATION = ARXIV:1107.4277;%%",
}  
%%% PES and PER
@article{Chatrchyan:2013dga,      
          author         = "Chatrchyan, Serguei and others",
          title          = "{Energy calibration and resolution of the CMS electromagnetic calorimeter in pp collisions at $\sqrt{s} = 7$ TeV}",
          collaboration  = "CMS", 
          journal        = "JINST",
          volume         = "8",   
          pages          = "P09009",
          doi            = "10.1088/1748-0221/8/09/P09009",
          year           = "2013",
          eprint         = "1306.2016",
          archivePrefix  = "arXiv",
          primaryClass   = "hep-ex",
          reportNumber   = "FERMILAB-PUB-13-337-CMS, CMS-EGM-11-001, CERN-PH-EP-2013-097, CMS-EGM-11-001, CERN-PH-EP-2013-097",
          SLACcitation   = "%%CITATION = ARXIV:1306.2016;%%",
}
@article{Chatrchyan:2013fya, 
          author         = "Chatrchyan, Serguei and others",
          title          = "{Measurement of the $W\gamma$ and $Z\gamma$ inclusive cross sections in pp collisions at $\sqrt{s}$ = 7 TeV and limits on anomalous triple gauge boson couplings}",
          collaboration  = "CMS",
          journal        = "Phys. Rev. D",
          volume         = "89",
          pages          = "092005",
          doi            = "10.1103/PhysRevD.89.092005",
          year           = "2014",
          eprint         = "1308.6832",
          archivePrefix  = "arXiv",
          primaryClass   = "hep-ex",
          reportNumber   = "CMS-EWK-11-009, CERN-PH-EP-2013-108",
          SLACcitation   = "%%CITATION = ARXIV:1308.6832;%%",
} 
%%PDF
@unpublished{Botje:2011sn,        
          author         = "Botje, Michiel and Butterworth, Jon and Cooper-Sarkar, Amanda and de Roeck, Albert and Feltesse, Joel and Stefano Forte and
                            Alexander Glazov and Joey Huston and Ronan McNulty and Torbj{\"o}rn Sj{\"o}strand and Robert Thorne",
          title          = "{The PDF4LHC Working Group Interim Recommendations}",
          year           = "2011",
          eprint         = "1101.0538",
          archivePrefix  = "arXiv",
          primaryClass   = "hep-ph",
          SLACcitation   = "%%CITATION = ARXIV:1101.0538;%%",
} 
@unpublished{Alekhin:2011sk,     
          author         = "Alekhin, Sergey and others",
          title          = "{The PDF4LHC Working Group Interim Report}",
          year           = "2011",
          eprint         = "1101.0536",
          archivePrefix  = "arXiv",
          primaryClass   = "hep-ph",
          SLACcitation   = "%%CITATION = ARXIV:1101.0536;%%",
}
@article{Ball:2012cx,   
          author         = "Ball, Richard D. and Bertone, Valerio and Carrazza, Stefano and Deans, Christopher S. and Del Debbio, Luigi and
                            Stefano Forte and Alberto Guffantie and Nathan P. Hartlanda and Jos{\'e} I. Latorre and Juan Rojo and Maria Ubiali",
          title          = "{Parton distributions with LHC data}",
      collaboration  = "NPDF",
          journal        = "Nucl. Phys. B",
          volume         = "867",
          pages          = "244",
          doi            = "10.1016/j.nuclphysb.2012.10.003",
          year           = "2013",
          eprint         = "1207.1303",
          archivePrefix  = "arXiv",
          primaryClass   = "hep-ph",
          reportNumber   = "EDINBURGH-2012-08, IFUM-FT-997, FR-PHENO-2012-014, RWTH-TTK-12-25, CERN-PH-TH-2012-037, SFB-CPP-12-47",
          SLACcitation   = "%%CITATION = ARXIV:1207.1303;%%",
}
@misc{Web:PDFUnc,
    author         = "Chatrchyan, S. and others",
    title          = {PDF Uncertainty},
    collaboration  = "CMS",
    howpublished   = {\url{https://twiki.cern.ch/twiki/bin/view/CMSPublic/SWGuideEWKUtilities}},
    note           = {Accessed: 2015},
}
%% Pileup Sys
@techreport{CMS-PAS-LUM-13-001,
      title         = "{CMS Luminosity Based on Pixel Cluster Counting - Summer 2013 Update}",
      institution   = "CERN",
      collaboration = "CMS Collaboration",
      address       = "Geneva",
      number        = "CMS-PAS-LUM-13-001",
      year          = "2013",
      reportNumber  = "CMS-PAS-LUM-13-001",
      url           = "https://cds.cern.ch/record/1598864",
}
%% PDF 
@article{Beringer:1900zz,    
          author         = "Beringer, J. and others",
          title          = "{Review of Particle Physics}",
          collaboration  = "Particle Data Group",
          journal        = "Phys. Rev. D",
          volume         = "86",
          pages          = "010001",   
          doi            = "10.1103/PhysRevD.86.010001",
          year           = "2012",     
          SLACcitation   = "%%CITATION = PHRVA,D86,010001;%%",
          note           = {Chapter-36,Pg.390-401}
}                            
%%Dijet Limit code
@misc{Web:Limit,
    author         = "Chatrchyan, S. and others",
    title          = {Dijet Limit Code},
    collaboration  = "CMS",
    howpublished   = {\url{https://twiki.cern.ch/twiki/bin/view/CMS/DijetLimitCode}},
    note           = {Accessed: 2015},
}
