%% References for Chapter 3 - Event Simulation
%% MC Generators
@article{Dobbs:2004qw,
      author         = "Dobbs, M.A. and Frixione, S. and Laenen, Eric and Tollefson, K. and Baer, H. and others",
      title          = "{Les Houches guidebook to Monte Carlo generators for hadron collider physics}",
      pages          = "411-459",
      year           = "2004",
      eprint         = "hep-ph/0403045",
      archivePrefix  = "arXiv",
      primaryClass   = "hep-ph",
      reportNumber   = "FERMILAB-CONF-04-183-T",
      SLACcitation   = "%%CITATION = HEP-PH/0403045;%%",
}
%%CTEQ
@article{Nadolsky:2008zw,
      author         = "Nadolsky, Pavel M. and Lai, Hung-Liang and Cao, Qing-Hong and Huston, Joey and Pumplin, Jon and others",
      title          = "{Implications of CTEQ global analysis for collider observables}",
      journal        = "Phys.Rev.",
      volume         = "D78",
      pages          = "013004",
      doi            = "10.1103/PhysRevD.78.013004",
      year           = "2008",
      eprint         = "0802.0007",
      archivePrefix  = "arXiv",
      primaryClass   = "hep-ph",
      reportNumber   = "MSUHEP-080125, UCRHEP-T447",
      SLACcitation   = "%%CITATION = ARXIV:0802.0007;%%",
}
%%% CTEQ6L1
@article{Pumplin:2002vw,
      author         = "Pumplin, J. and Stump, D.R. and Huston, J. and Lai, H.L. and Nadolsky, Pavel M. and others",
      title          = "{New generation of parton distributions with uncertainties from global QCD analysis}",
      journal        = "JHEP",
      volume         = "0207",
      pages          = "012",
      doi            = "10.1088/1126-6708/2002/07/012",
      year           = "2002",
      eprint         = "hep-ph/0201195",
      archivePrefix  = "arXiv",
      primaryClass   = "hep-ph",
      reportNumber   = "MSU-HEP-011101",
      SLACcitation   = "%%CITATION = HEP-PH/0201195;%%",
}
%%% CTEQ6L1
@article{Martin:2009iq,
      author         = "Martin, A.D. and Stirling, W.J. and Thorne, R.S. and Watt, G.",
      title          = "{Parton distributions for the LHC}",
      journal        = "Eur.Phys.J.",
      volume         = "C63",
      pages          = "189-285",
      doi            = "10.1140/epjc/s10052-009-1072-5",
      year           = "2009",
      eprint         = "0901.0002",
      archivePrefix  = "arXiv",
      primaryClass   = "hep-ph",
      reportNumber   = "IPPP-08-95, DCPT-08-190, CAVENDISH-HEP-08-16",
      SLACcitation   = "%%CITATION = ARXIV:0901.0002;%%",
}
%% DGLAP evolution equations
@article{Altarelli:1977zs,
      author         = "Altarelli, Guido and Parisi, G.",
      title          = "{Asymptotic Freedom in Parton Language}",
      journal        = "Nucl.Phys.",
      volume         = "B126",
      pages          = "298",
      doi            = "10.1016/0550-3213(77)90384-4",
      year           = "1977",
      reportNumber   = "LPTENS-77-6",
      SLACcitation   = "%%CITATION = NUPHA,B126,298;%%",
}
%% Lund Model
@article{Sjostrand:1986hx,
      author         = "Sjostrand, Torbjorn and Bengtsson, Mats",
      title          = "{The Lund Monte Carlo for Jet Fragmentation and e+ e- Physics. Jetset Version 6.3: An Update}",
      journal        = "Comput. Phys. Commun.",
      volume         = "43",
      pages          = "367",
      doi            = "10.1016/0010-4655(87)90054-3",
      year           = "1987",
      reportNumber   = "LU-TP-86-22",
      SLACcitation   = "%%CITATION = CPHCB,43,367;%%",
}
%%% Pythia
@article{Sjostrand:2006za,
      author         = "Sjostrand, Torbjorn and Mrenna, Stephen and Skands, Peter Z.",
      title          = "{PYTHIA 6.4 Physics and Manual}",
      journal        = "JHEP",
      volume         = "0605",
      pages          = "026",
      doi            = "10.1088/1126-6708/2006/05/026",
      year           = "2006",
      eprint         = "hep-ph/0603175",
      archivePrefix  = "arXiv",
      primaryClass   = "hep-ph",
      reportNumber   = "FERMILAB-PUB-06-052-CD-T, LU-TP-06-13",
      SLACcitation   = "%%CITATION = HEP-PH/0603175;%%",
}
%%% Madgraph
@article{Alwall:2014hca,
      author         = "Alwall, J. and Frederix, R. and Frixione, S. and Hirschi, V. and Maltoni, F. and others",
      title          = "{The automated computation of tree-level and next-to-leading order differential cross sections, and their matching to parton shower simulations}",
      journal        = "JHEP",
      volume         = "1407",
      pages          = "079",
      doi            = "10.1007/JHEP07(2014)079",
      year           = "2014",
      eprint         = "1405.0301",
      archivePrefix  = "arXiv",
      primaryClass   = "hep-ph",
      reportNumber   = "CERN-PH-TH-2014-064, CP3-14-18, LPN14-066, MCNET-14-09,
                        ZU-TH-14-14",
      SLACcitation   = "%%CITATION = ARXIV:1405.0301;%%",
}
%% Alpgen
@article{Mangano:2002ea,
      author         = "Mangano, Michelangelo L. and Moretti, Mauro and Piccinini, Fulvio and Pittau, Roberto and Polosa, Antonio D.",
      title          = "{ALPGEN, a generator for hard multiparton processes in hadronic collisions}",
      journal        = "JHEP",
      volume         = "0307",
      pages          = "001",
      doi            = "10.1088/1126-6708/2003/07/001",
      year           = "2003",
      eprint         = "hep-ph/0206293",
      archivePrefix  = "arXiv",
      primaryClass   = "hep-ph",
      reportNumber   = "CERN-TH-2002-129, FTN-T-2002-06",
      SLACcitation   = "%%CITATION = HEP-PH/0206293;%%",
}
%% Herwig++
@article{Bahr:2008pv,
      author         = "Bahr, M. and Gieseke, S. and Gigg, M.A. and Grellscheid, D. and Hamilton, K. and others",
      title          = "{Herwig++ Physics and Manual}",
      journal        = "Eur.Phys.J.",
      volume         = "C58",
      pages          = "639-707",
      doi            = "10.1140/epjc/s10052-008-0798-9",
      year           = "2008",
      eprint         = "0803.0883",
      archivePrefix  = "arXiv",
      primaryClass   = "hep-ph",
      reportNumber   = "CERN-PH-TH-2008-038, CAVENDISH-HEP-08-03, KA-TP-05-2008,
                        DCPT-08-22, IPPP-08-11, CP3-08-05",
      SLACcitation   = "%%CITATION = ARXIV:0803.0883;%%",
}
%% Sherpa
@article{Gleisberg:2008ta,
      author         = "Gleisberg, T. and Hoeche, Stefan. and Krauss, F. and Schonherr, M. and Schumann, S. and others",
      title          = "{Event generation with SHERPA 1.1}",
      journal        = "JHEP",
      volume         = "0902",
      pages          = "007",
      doi            = "10.1088/1126-6708/2009/02/007",
      year           = "2009",
      eprint         = "0811.4622",
      archivePrefix  = "arXiv",
      primaryClass   = "hep-ph",
      reportNumber   = "FERMILAB-PUB-08-477-T, SLAC-PUB-13420, ZU-TH-17-08,
                        DCPT-08-138, IPPP-08-69, EDINBURGH-2008-30, MCNET-08-14",
      SLACcitation   = "%%CITATION = ARXIV:0811.4622;%%",
}
%%
@article{Alwall:2006yp,
      author         = "Alwall, Johan and Ballestrero, A. and Bartalini, P. and Belov, S. and Boos, E. and others",
      title          = "{A Standard format for Les Houches event files}",
      journal        = "Comput.Phys.Commun.",
      volume         = "176",
      pages          = "300-304",
      doi            = "10.1016/j.cpc.2006.11.010",
      year           = "2007",
      eprint         = "hep-ph/0609017",
      archivePrefix  = "arXiv",
      primaryClass   = "hep-ph",
      reportNumber   = "FERMILAB-PUB-06-337-T, CERN-LCGAPP-2006-03",
      SLACcitation   = "%%CITATION = HEP-PH/0609017;%%",
}
%% MLM Matching
@article{Mangano:2001xp,
      author         = "Mangano, Michelangelo L. and Moretti, Mauro and Pittau, Roberto",
      title          = "{Multijet matrix elements and shower evolution in hadronic collisions: $W b \bar{b}$ + $n$ jets as a case study}",
      journal        = "Nucl.Phys.",
      volume         = "B632",
      pages          = "343-362",
      doi            = "10.1016/S0550-3213(02)00249-3",
      year           = "2002",
      eprint         = "hep-ph/0108069",
      archivePrefix  = "arXiv",
      primaryClass   = "hep-ph",
      reportNumber   = "CERN-TH-2001-215",
      SLACcitation   = "%%CITATION = HEP-PH/0108069;%%",
}
%%% CKKW
@article{Krauss:2002up,
      author         = "Krauss, F.",
      title          = "{Matrix elements and parton showers in hadronic interactions}",
      journal        = "JHEP",
      volume         = "0208",
      pages          = "015",
      doi            = "10.1088/1126-6708/2002/08/015",
      year           = "2002",
      eprint         = "hep-ph/0205283",
      archivePrefix  = "arXiv",
      primaryClass   = "hep-ph",
      SLACcitation   = "%%CITATION = HEP-PH/0205283;%%",
}
%% TAOULA
@article{Was:2000st,
      author         = "Was, Z.",
      title          = "{TAUOLA the library for tau lepton decay, and KKMC / KORALB / KORALZ /... status report}",
      journal        = "Nucl.Phys.Proc.Suppl.",
      volume         = "98",
      pages          = "96-102",
      doi            = "10.1016/S0920-5632(01)01200-2",
      year           = "2001",
      eprint         = "hep-ph/0011305",
      archivePrefix  = "arXiv",
      primaryClass   = "hep-ph",
      SLACcitation   = "%%CITATION = HEP-PH/0011305;%%",
}
%% Geant
@article{Agostinelli:2002hh,
      author         = "Agostinelli, S. and others",
      title          = "{GEANT4: A Simulation toolkit}",
      collaboration  = "GEANT4",
      journal        = "Nucl.Instrum.Meth.",
      volume         = "A506",
      pages          = "250-303",
      doi            = "10.1016/S0168-9002(03)01368-8",
      year           = "2003",
      reportNumber   = "SLAC-PUB-9350, FERMILAB-PUB-03-339",
      SLACcitation   = "%%CITATION = NUIMA,A506,250;%%",
}
%% Tune Z2*
@article{Chatrchyan:2011id,
      author         = "Chatrchyan, Serguei and others",
      title          = "{Measurement of the Underlying Event Activity at the LHC with $\sqrt{s}= 7$ TeV and Comparison with $\sqrt{s} =
                        0.9$ TeV}",
      collaboration  = "CMS",
      journal        = "JHEP",
      volume         = "1109",
      pages          = "109",
      doi            = "10.1007/JHEP09(2011)109",
      year           = "2011",
      eprint         = "1107.0330",
      archivePrefix  = "arXiv",
      primaryClass   = "hep-ex",
      reportNumber   = "CERN-PH-EP-2011-059, CMS-QCD-10-010",
      SLACcitation   = "%%CITATION = ARXIV:1107.0330;%%",
}
@article{Field:2010bc,
      author         = "Field, Rick",
      title          = "{Early LHC Underlying Event Data - Findings and Surprises}",
      year           = "2010",
      eprint         = "1010.3558",
      archivePrefix  = "arXiv",
      primaryClass   = "hep-ph",
      SLACcitation   = "%%CITATION = ARXIV:1010.3558;%%",
}
%%Excited quarks
@article{Baur:1989kv,
      author         = "Baur, U. and Spira, M. and Zerwas, P.M.",
      title          = "{Excited Quark and Lepton Production at Hadron Colliders}",
      journal        = "Phys.Rev.",
      volume         = "D42",
      pages          = "815-824",
      doi            = "10.1103/PhysRevD.42.815",
      year           = "1990",
      reportNumber   = "MAD-PH-534, PITHA-89-26",
      SLACcitation   = "%%CITATION = PHRVA,D42,815;%%",
}
