%%CMS reconstruction
@article{Lange:2011zza,
      author         = "Lange, David J.",
      title          = "{The CMS reconstruction software}",
      collaboration  = "CMS",
      journal        = "J.Phys.Conf.Ser.",
      volume         = "331",
      pages          = "032020",
      doi            = "10.1088/1742-6596/331/3/032020",
      year           = "2011",
      SLACcitation   = "%%CITATION = 00462,331,032020;%%",
}
%% Particle Flow
@techreport{CMS-PAS-PFT-09-001,
      title         = "{Particle-Flow Event Reconstruction in CMS and Performance for Jets, Taus, and MET}",
      institution   = "CERN",
      collaboration = "CMS",
      address       = "2009. Geneva",
      number        = "CMS-PAS-PFT-09-001",
      month         = "Apr",
      year          = "2009",
      reportNumber  = "CMS-PAS-PFT-09-001",
      url           = "http://cds.cern.ch/record/1194487",
}
@techreport{CMS-PAS-PFT-10-001,
      title         = "{Commissioning of the Particle-flow Event Reconstruction with the first LHC collisions recorded in the CMS detector}",
      collaboration = "CMS",
      address       = "2010",
      number        = "CMS-PAS-PFT-10-001",
      reportNumber  = "CMS-PAS-PFT-10-001",
      url           = "http://cds.cern.ch/record/1247373",
}
%% CMS Track Reconstruction
@techreport{Adam:934067,
      author        = "Adam, Wolfgang and Mangano, Boris and Speer, Thomas and Todorov, Teddy",
      title         = "{Track Reconstruction in the CMS tracker}",
      institution   = "CERN",
      collaboration = "CMS",
      address       = "Geneva",
      number        = "CMS-NOTE-2006-041",
      month         = "Dec",
      year          = "2006",
      reportNumber  = "CMS-NOTE-2006-041",
      url           = "https://cds.cern.ch/record/934067",
}
@article{Chatrchyan:2014fea,
      author         = "Chatrchyan, Serguei and others",
      title          = "{Description and performance of track and primary-vertex reconstruction with the CMS tracker}",
      collaboration  = "CMS",
      journal        = "JINST",
      number         = "10",
      volume         = "9",
      pages          = "P10009",
      doi            = "10.1088/1748-0221/9/10/P10009",
      year           = "2014",
      eprint         = "1405.6569",
      archivePrefix  = "arXiv",
      primaryClass   = "physics.ins-det",
      reportNumber   = "CMS-TRK-11-001, CERN-PH-EP-2014-070",
      SLACcitation   = "%%CITATION = ARXIV:1405.6569;%%",
}
%% Kalman filter for tracks
@article{Fruhwirth:1987fm,
      author         = "Fruhwirth, R.",
      title          = "{Application of Kalman filtering to track and vertex fitting}",
      journal        = "Nucl.Instrum.Meth.",
      volume         = "A262",
      pages          = "444-450",
      doi            = "10.1016/0168-9002(87)90887-4",
      year           = "1987",
      reportNumber   = "HEPHY-PUB-87-503",
      SLACcitation   = "%%CITATION = NUIMA,A262,444;%%",
}
%%% Beamspot
@techreport{Miao:1061285,
      author        = "Miao, Ting and Leioatts, N and Wenzel, Hans and Yumiceva, Francisco",
      title         = "{Beam Position Determination using Tracks}",
      institution   = "CERN",
      collaboration = "CMS",
      address       = "Geneva",
      number        = "CMS-NOTE-2007-021",
      month         = "Aug",
      year          = "2007",
      reportNumber  = "CMS-NOTE-2007-021",
      url           = "https://cds.cern.ch/record/1061285",
}
%% Adaptive Vertex Fitting
@techreport{Fruhwirth:1027031,
      author        = "Fr$\ddot{\mathrm{u}}$hwirth, R and Waltenberger, Wolfgang and Vanlaer, Pascal",
      title         = "{Adaptive Vertex Fitting}",
      institution   = "CERN",
      collaboration = "CMS",
      address       = "Geneva",
      number        = "CMS-NOTE-2007-008",
      month         = "Mar",
      year          = "2007",
      reportNumber  = "CMS-NOTE-2007-008",
      url           = "https://cds.cern.ch/record/1027031",
}
%% ECAL Clustering 
@article{Anderson:1365024,
      author        = "Anderson, Mary and Askew, Andrew and Barfuss, Anne-fleur and Evans, David and Ferri, Federico and Kaadze, Ketino and Maravin, Yurii and Meridiani, Paolo and Seez, Christopher",
      title         = "{Review of clustering algorithms and energy corrections in ECAL}",
      month         = "Mar",
      year          = "2010",
      reportNumber  = "CMS-IN-2010-008",
      url           = "https://cds.cern.ch/record/1365024",
}
%% Photon Reconstruction
@article{Khachatryan:2015iwa,
      author         = "Khachatryan, Vardan and others",
      title          = "{Performance of photon reconstruction and identification with the CMS detector in proton-proton collisions at $\sqrt{s}$ = 8 TeV}",
      collaboration  = "CMS",
      year           = "2015",
      eprint         = "1502.02702",
      archivePrefix  = "arXiv",
      primaryClass   = "physics.ins-det",
      reportNumber   = "CMS-EGM-14-001, CERN-PH-EP-2015-006",
      SLACcitation   = "%%CITATION = ARXIV:1502.02702;%%",
}
%%% GSF Electron
@techreport{Adam:815410,
      author        = "Adam, Wolfgang and Fr$\ddot{\mathrm{u}}$hwirth, R and Strandlie, Are and Todor, T",
      title         = "{Reconstruction of Electrons with the Gaussian-Sum Filter in the CMS Tracker at the LHC}",
      institution   = "CERN",
      collaboration = "CMS",
      address       = "Geneva",
      number        = "CMS-NOTE-2005-001",
      month         = "Jan",
      year          = "2005",
      reportNumber  = "CMS-NOTE-2005-001",
      url           = "https://cds.cern.ch/record/815410",
}
%%% ECAL commisioning
@techreport{CMS-NOTE-2010-012,
      title         = "{Electromagnetic calorimeter commissioning and first results with 7 TeV data}",
      institution   = "CERN",
      collaboration = "CMS",
      address       = "Geneva",
      number        = "CMS-NOTE-2010-012",
      month         = "Jul",
      year          = "2010",
      reportNumber  = "CMS-NOTE-2010-012",
      url           = "https://cds.cern.ch/record/1278160",
}
@article{Khachatryan:2010us,
      author         = "Khachatryan, Vardan and others",
      title          = "{Transverse-momentum and pseudorapidity distributions of charged hadrons in $pp$ collisions at $\sqrt{s}=7$ TeV}",
      collaboration  = "CMS",
      journal        = "Phys.Rev.Lett.",
      volume         = "105",
      pages          = "022002",
      doi            = "10.1103/PhysRevLett.105.022002",
      year           = "2010",
      eprint         = "1005.3299",
      archivePrefix  = "arXiv",
      primaryClass   = "hep-ex",
      reportNumber   = "CERN-PH-EP-2010-009, CSM-QCD-10-006",
      SLACcitation   = "%%CITATION = ARXIV:1005.3299;%%",
}
@misc{Web:JetId,
    title          = {Jet Identification in the CMS detector},
    collaboration  = "CMS",         
    howpublished   = {\url{https://twiki.cern.ch/twiki/bin/view/CMS/JetID}},
    note           = {Accessed: 2015},
}
%%Particle Flow Reconstruction
@techreport{CMS-PAS-PFT-10-003,
      title         = "{Particle-flow commissioning with muons and electrons from J/Psi and W events at 7 TeV}",
      institution   = "CERN",
      collaboration = "CMS",
      address       = "2010. Geneva",
      number        = "CMS-PAS-PFT-10-003",
      year          = "2010",
      reportNumber  = "CMS-PAS-PFT-10-003",
      url           = "https://cds.cern.ch/record/1279347",
}

%% Iterative Cone
@article{Blazey:2000qt,
      author         = "Blazey, Gerald C. and Dittmann, Jay R. and Ellis, Stephen D. and Elvira, V. Daniel and Frame, K. and others",
      title          = "{Run II jet physics}",
      pages          = "47-77",
      year           = "2000",
      eprint         = "hep-ex/0005012",
      archivePrefix  = "arXiv",
      primaryClass   = "hep-ex",
      reportNumber   = "FERMILAB-CONF-00-092-E",
      SLACcitation   = "%%CITATION = HEP-EX/0005012;%%",
}
%% Sequential recombination
@article{Catani:1993hr,
      author         = "Catani, S. and Dokshitzer, Yuri L. and Seymour, M.H. and Webber, B.R.",
      title          = "{Longitudinally invariant $k_{\mathrm{t}}$ clustering algorithms for hadron hadron collisions}",
      journal        = "Nucl.Phys.",
      volume         = "B406",
      pages          = "187-224",
      doi            = "10.1016/0550-3213(93)90166-M",
      year           = "1993",
      reportNumber   = "CERN-TH-6775-93, LU-TP-93-2",
      SLACcitation   = "%%CITATION = NUPHA,B406,187;%%",
}
%% Cambridge/Aachen
@article{Dokshitzer:1997in,
      author         = "Dokshitzer, Yuri L. and Leder, G.D. and Moretti, S. and Webber, B.R.",
      title          = "{Better jet clustering algorithms}",
      journal        = "JHEP",
      volume         = "9708",
      pages          = "001",
      doi            = "10.1088/1126-6708/1997/08/001",
      year           = "1997",
      eprint         = "hep-ph/9707323",
      archivePrefix  = "arXiv",
      primaryClass   = "hep-ph",
      reportNumber   = "CAVENDISH-HEP-97-06",
      SLACcitation   = "%%CITATION = HEP-PH/9707323;%%",
}
%% antikt
@article{Cacciari:2008gp,
      author         = "Cacciari, Matteo and Salam, Gavin P. and Soyez, Gregory",
      title          = "{The Anti-$k_{\mathrm{t}}$ jet clustering algorithm}",
      journal        = "JHEP",
      volume         = "0804",
      pages          = "063",
      doi            = "10.1088/1126-6708/2008/04/063",
      year           = "2008",
      eprint         = "0802.1189",
      archivePrefix  = "arXiv",
      primaryClass   = "hep-ph",
      reportNumber   = "LPTHE-07-03",
      SLACcitation   = "%%CITATION = ARXIV:0802.1189;%%",
}
@techreport{CMS-PAS-JME-07-002,
      title         = "{Plans for Jet Energy Corrections at CMS}",
      institution   = "CERN",
      collaboration = "CMS",
      address       = "2008. Geneva",
      number        = "CMS-PAS-JME-07-002",
      month         = "Jul",
      year          = "2008",
      reportNumber  = "CMS-PAS-JME-07-002",
      url           = "https://cds.cern.ch/record/1194485",
}
@article{Cacciari:2007fd,
      author         = "Cacciari, Matteo and Salam, Gavin P.",
      title          = "{Pileup subtraction using jet areas}",
      journal        = "Phys.Lett.",
      volume         = "B659",
      pages          = "119-126",
      doi            = "10.1016/j.physletb.2007.09.077",
      year           = "2008",
      eprint         = "0707.1378",
      archivePrefix  = "arXiv",
      primaryClass   = "hep-ph",
      reportNumber   = "LPTHE-07-01",
      SLACcitation   = "%%CITATION = ARXIV:0707.1378;%%",
}

