%%for LHC
@article{Evans:2008zzb,
      author         = "Evans, Lyndon and Bryant, Philip",
      editor         = "Evans, Lyndon",
      title          = "{LHC Machine}",
      journal        = "JINST",
      volume         = "3",
      pages          = "S08001",
      doi            = "10.1088/1748-0221/3/08/S08001",
      year           = "2008",
      SLACcitation   = "%%CITATION = JINST,3,S08001;%%",
}
%%for LHC
@book{Brüning:782076,
      author        = "Brüning, Oliver Sim and Collier, Paul and Lebrun, P and Myers, Stephen and Ostojic, Ranko and Poole, John and Proudlock, Paul",
      title         = "{LHC Design Report}",
      publisher     = "CERN",
      address       = "Geneva",
      year          = "2004",
      url           = "https://cds.cern.ch/record/782076",
      note          = "CERN-2004-003-V-1",
}
%%% ATLAS
@book{atlasTDR,
      author        = "Airapetian, A. and others",
      title         = "{ATLAS detector and physics performance: Technical Design Report, 1}",
      publisher     = "CERN",
      collaboration = "ATLAS",
      address       = "Geneva",
      series        = "TDR ATLAS",
      year          = "1999",
      url           = "https://cds.cern.ch/record/391176",
      note          = "ATLAS-TDR-014; CERN-LHCC-99-014",
}
%%% ALICE
@book{aliceTDR,
      author        = "Cortese, P and Fabjan, Christian Wolfgang and Riccati, Lodovico and Safarík, Karel and de Groot, Hans",
      title         = "{ALICE physics performance: Technical Design Report}",
      publisher     = "CERN",
      collaboration = "ALICE",
      address       = "Geneva",
      series        = "TDR ALICE",
      year          = "2005",
      url           = "https://cds.cern.ch/record/879894",
      note          = "ALICE-TDR-13; CERN-LHCC-2005-030",
}
%%LHCb
@book{lhcbTDR,
      author        = "Antunes-Nobrega, R and others",
      title         = "{LHCb reoptimized detector design and performance: Technical Design Report}",
      publisher     = "CERN",
      collaboration = "LHCb",
      address       = "Geneva",
      series        = "TDR LHCb",
      year          = "2003",
      url           = "https://cds.cern.ch/record/630827",
      note          = "LHCb-TDR-9; CERN-LHCC-2003-030",
}
%%LHCf
@book{lhcfTDR,
      author        = "Adriani, O and Bonechi, L and Bongi, M and D'ALessandro, R
                       and Faus, D A and Haguenauer, M and Itow, Y and Kasahara, K
                       and Masuda, K and Matsubara, Y and Menjo, H and Muraki, Y
                       and Papini, P and Sako, T and Tamura, T and Torii, S and
                       Tricomi, A and Turner, W C and Velasco, J and Yoshida, K",
      title         = "{LHCf experiment: Technical Design Report}",
      publisher     = "CERN",
      collaboration = "LHCf Collaboration",
      address       = "Geneva",
      series        = "Technical Design Report LHCf",
      year          = "2006",
      url           = "https://cds.cern.ch/record/926196",
      note          = "LHCF-TDR-001; CERN-LHCC-2006-004",
}
%%Totem
@book{totemTDR,
      author        = "Berardi, V and Catanesi, M G and Radicioni, E and Herzog,
                       R and Rudischer, R and Wobst, E and Deile, M and Eggert, K
                       and Haug, F and Jarron, P and Macina, D and Niewiadomski, H
                       and Noschis, E and Oriunno, M and Perrot, Anne Laure and
                       Ruggiero, G and Snoeys, W and Verdier, A and Boccone, V and
                       Bozzo, M and Buzzo, A and Capurro, F and Cuneo, S and
                       Ferro, F and Macri, M and Minutoli, S and Morelli, A and
                       Musico, P and Negri, M and Santroni, A and Sette, G and
                       Sobol, A and Avati, V and Goussev, E and Järvinen, M and
                       Kalliopuska, J and Kurvinen, K and Lauhakangas, R and
                       Oljemark, F and Orava, R and Österberg, K and Palmieri, V
                       G and Saarikko, H and Toppinen, A and Kundrát, V and
                       Lokajícek, M and Da Vià, C and Hasi, J and Kok, A and
                       Watts, S",
      title         = "{Total cross-section, elastic scattering and diffraction
                       dissociation at the Large Hadron Collider at CERN: TOTEM
                       Technical Design Report}",
      publisher     = "CERN",
      collaboration = "TOTEM Collaboration",
      address       = "Geneva",
      series        = "Technical Design Report TOTEM",
      year          = "2004",
      url           = "https://cds.cern.ch/record/704349",
      note          = "TOTEM-TDR-001; CERN-LHCC-2004-002",
}
%% CMS TDR 
@book{cmsTDR,
      author        = "Bayatian, G L and others",
      title         = "{CMS Physics: Technical Design Report Volume 1: Detector Performance and Software}",
      publisher     = "CERN",
      collaboration = "CMS",
      address       = "Geneva",
      series        = "TDR CMS",
      year          = "2006",
      note          = "{CERN-LHCC-2006-001}",
      url           = "https://cds.cern.ch/record/922757",
}
%%for CMS
@article{Chatrchyan:2008aa,
      author         = "Chatrchyan, S. and others",
      title          = "{The CMS experiment at the CERN LHC}",
      collaboration  = "CMS",
      journal        = "JINST",
      volume         = "3",
      pages          = "S08004",
      doi            = "10.1088/1748-0221/3/08/S08004",
      year           = "2008",
      SLACcitation   = "%%CITATION = JINST,3,S08004;%%",
}
%% CMS Luminosity public website
@misc{Web:CMSLumi,
    author         = "Chatrchyan, S. and others",
    title          = {CMS Luminosity - Public Results},
    collaboration  = "CMS",
    howpublished   = {\url{https://twiki.cern.ch/twiki/bin/view/CMSPublic/LumiPublicResults}},
    note           = {Accessed: 2014-09-30},
}
%% Tracker Material Budget
@article{Chatrchyan:2014fea,
      author         = "Chatrchyan, Serguei and others",
      title          = "{Description and performance of track and primary-vertex reconstruction with the CMS tracker}",
      collaboration  = "CMS",
      journal        = "JINST",
      number         = "10",
      volume         = "9",
      pages          = "P10009",
      doi            = "10.1088/1748-0221/9/10/P10009",
      year           = "2014",
      eprint         = "1405.6569",
      archivePrefix  = "arXiv",
      primaryClass   = "physics.ins-det",
      reportNumber   = "CMS-TRK-11-001, CERN-PH-EP-2014-070",
      SLACcitation   = "%%CITATION = ARXIV:1405.6569;%%",
}
%%%
@unpublished{CMS:2010nua,
      key            = "925301",
      title          = "{Studies of Tracker Material}",
      collaboration  = "CMS",
      year           = "2010",
      reportNumber   = "CMS-PAS-TRK-10-003",
      note           = "{CMS-PAS-TRK-10-003}",
      SLACcitation   = "%%CITATION = CMS-PAS-TRK-10-003 ETC.;%%",
}
@unpublished{CMS:2010zta,
      key            = "925287",
      title          = "{Electromagnetic calorimeter calibration with 7 TeV data}",
      collaboration  = "CMS",
      year           = "2010",
      reportNumber   = "CMS-PAS-EGM-10-003",
      note           = "{CMS-PAS-EGM-10-003}",
      SLACcitation   = "%%CITATION = CMS-PAS-EGM-10-003 ETC.;%%",
}
%%% ECAL TDR
@book{ecalTDR,
      title         = "{The CMS electromagnetic calorimeter project: Technical Design Report}",
      publisher     = "CERN",
      collaboration = "CMS",
      address       = "Geneva",
      series        = "TDR CMS",
      year          = "1997",
      note          = "{CERN-LHCC-97-033}",
      url           = "https://cds.cern.ch/record/349375",
}
%%% HCAL TDR
@book{hcalTDR,
      title         = "{The CMS hadron calorimeter project: Technical Design Report}",
      publisher     = "CERN",
      collaboration = "CMS",
      address       = "Geneva",
      series        = "TDR CMS",
      year          = "1997",
      note          = "{CERN-LHCC-97-031}",
      url           = "https://cds.cern.ch/record/357153",
}
%%% HCAL HB 
@article{Abdullin:2008zzb,
      author         = "Abdullin, S. and others",
      title          = "{Design, performance, and calibration of CMS hadron-barrel calorimeter wedges}",
      collaboration  = "CMS HCAL",
      journal        = "Eur.Phys.J.",
      volume         = "C55",
      pages          = "159-171",
      doi            = "10.1140/epjc/s10052-008-0573-y",
      year           = "2008",
      reportNumber   = "FERMILAB-PUB-08-246-CMS",
      SLACcitation   = "%%CITATION = EPHJA,C55,159;%%",
}
%% HCAL HE
@unpublished{Baiatian:2008zz,
      author         = "Baiatian, G. and others",
      title          = "{Design, performance, and calibration of CMS hadron endcap calorimeters}",
      collaboration  = "CMS HCAL",
      year           = "2008",
      reportNumber   = "CERN-CMS-NOTE-2008-010",
      note           = "{CERN-CMS-NOTE-2008-010}",
      SLACcitation   = "%%CITATION = CERN-CMS-NOTE-2008-010 ETC.;%%",
}
%% HCAL HO
@article{Abdullin:2008zza,
      author         = "Abdullin, S. and others",
      title          = "{Design, performance, and calibration of the CMS Hadron-outer calorimeter}",
      collaboration  = "CMS HCAL",
      journal        = "Eur.Phys.J.",
      volume         = "C57",
      pages          = "653-663",
      doi            = "10.1140/epjc/s10052-008-0756-6",
      year           = "2008",
      reportNumber   = "CERN-CMS-NOTE-2008-020",
      SLACcitation   = "%%CITATION = EPHJA,C57,653;%%",
}
%% HCAL HF
@article{Bayatian:2006jz,
      author         = "Bayatian, G. and Sirunian, A. and Emelyanchik, I. and Massolov, V. and Shumeiko, N. and others",
      title          = "{Design, performance and calibration of the CMS forward calorimeter wedges}",
      journal        = "Eur.Phys.J.",
      volume         = "C53",
      pages          = "139-166",
      doi            = "10.1140/epjc/s10052-007-0459-4",
      year           = "2008",
      reportNumber   = "CERN-CMS-NOTE-2006-044",
      SLACcitation   = "%%CITATION = EPHJA,C53,139;%%",
}
%% HCAL test beam
@article{Abdullin:2009zz,
      author         = "Abdullin, S. and others",
      title          = "{The CMS barrel calorimeter response to particle beams from 2-GeV/c to 350-GeV/c}",
      collaboration  = "USCMS, ECAL/HCAL",
      journal        = "Eur.Phys.J.",
      volume         = "C60",
      pages          = "359-373",
      doi            = "10.1140/epjc/s10052-009-0959-5,
                        10.1140/epjc/s10052-009-1024-0",
      year           = "2009",
      reportNumber   = "FERMILAB-PUB-08-661-E-PPD, CERN-CMS-NOTE-2008-034",
      SLACcitation   = "%%CITATION = EPHJA,C60,359;%%",
}
%%%HCAL Energy Resolution
@article{Leonard:2010zda,
      author         = "Leonard, Jessica L.",
      title          = "{Commissioning the trigger of the Compact Muon Solenoid experiment at the CERN Large Hadron Collider}",
      collaboration  = "CMS",
      journal        = "IEEE Nucl.Sci.Symp.Conf.Rec.",
      doi            = "10.1109/RTC.2010.5750345",
      year           = "2010",
      SLACcitation   = "%%CITATION = INSPIRE-1323711;%%",
}
%%%% Muon TDR
@book{muonTDR,
      title         = "{The CMS muon project: Technical Design Report}",
      publisher     = "CERN",
      collaboration = "CMS",
      address       = "Geneva",
      series        = "TDR CMS",
      year          = "1997",
      note          = "{CERN-LHCC-97-032}",
      url           = "https://cds.cern.ch/record/343814",
}
%% Trigger TDR
@book{triggerTDR,
      author        = "Bayatyan, G L and others",
      title         = "{CMS TriDAS project: Technical Design Report, Volume 1: The Trigger Systems}",
      publisher     = "CERN",
      collaboration = "CMS",
      address       = "Geneva",
      series        = "TDR CMS",
      year          = "2000",
      url           = "https://cds.cern.ch/record/706847",
      note          = "CMS-TDR-6-1; CERN-LHCC-2000-038",
}
%% DAQ and HLT TDR
@book{daqhltTDR,
      author        = "Cittolin, Sergio and Rácz, Attila and Sphicas, Paris",
      title         = "{CMS The TriDAS Project: Technical Design Report, Volume 2: Data Acquisition and High-Level Trigger. CMS trigger and data-acquisition project}",
      publisher     = "CERN",
      collaboration = "CMS",
      address       = "Geneva",
      series        = "TDR CMS",
      year          = "2002",
      url           = "https://cds.cern.ch/record/578006",
      note          = "CMS-TDR-6; CERN-LHCC-2002-026",
}
