%%% Bib file for Results and Summary chapter
