%% Bib File for Chapter - 1

%%Higgs CMS
@article{Chatrchyan:2012xdj,
      author         = "Chatrchyan, Serguei and others",
      title          = "{Observation of a new boson at a mass of 125 GeV with the CMS experiment at the LHC}",
      collaboration  = "CMS",
      journal        = "Phys. Lett.",
      volume         = "B716",
      year           = "2012",
      pages          = "30-61",
      doi            = "10.1016/j.physletb.2012.08.021",
      eprint         = "1207.7235",
      archivePrefix  = "arXiv",
      primaryClass   = "hep-ex",
      reportNumber   = "CMS-HIG-12-028, CERN-PH-EP-2012-220",
      SLACcitation   = "%%CITATION = ARXIV:1207.7235;%%"
}
%% Higgs ATLAS
@article{Aad:2012tfa,
      author         = "Aad, Georges and others",
      title          = "{Observation of a new particle in the search for the Standard Model Higgs boson with the ATLAS detector at the
                        LHC}",
      collaboration  = "ATLAS",
      journal        = "Phys. Lett.",
      volume         = "B716",
      year           = "2012",
      pages          = "1-29",
      doi            = "10.1016/j.physletb.2012.08.020",
      eprint         = "1207.7214",
      archivePrefix  = "arXiv",
      primaryClass   = "hep-ex",
      reportNumber   = "CERN-PH-EP-2012-218",
      SLACcitation   = "%%CITATION = ARXIV:1207.7214;%%"
}
%% Higgs coupling ATLAS
@article{ATLAS:2014yka,
      author         = "The ATLAS collaboration",
      title          = "{Updated coupling measurements of the Higgs boson with the ATLAS detector using up to 25 fb$^{-1}$ of proton-proton collision data}",
      collaboration  = "ATLAS",
      year           = "2014",
      reportNumber   = "ATLAS-CONF-2014-009",
      SLACcitation   = "%%CITATION = ATLAS-CONF-2014-009;%%"
}
%%
@article{CMS:yva,
      title          = "{Combination of standard model Higgs boson searches and measurements of the properties of the new boson with a mass near 125 GeV}",
      collaboration  = "CMS",
      year           = "2013",
      reportNumber   = "CMS-PAS-HIG-13-005",
      SLACcitation   = "%%CITATION = CMS-PAS-HIG-13-005;%%"
}

%% standard model
@book{Quigg:2013ufa,
      author         = "Quigg, Chris",
      title          = "{Gauge Theories of the Strong, Weak, and Electromagnetic Interactions}",
      publisher      = "Princeton University Press",
      address        = "USA",
      year           = "2013",
      url            = "http://chrisquigg.com/gauge-theories/",
      ISBN           = "9780691135489, 9781400848225",
      SLACcitation   = "%%CITATION = INSPIRE-1263594;%%"
}
@book{Kane:1987gb,
      author         = "Kane, Gordon L.",
      title          = "{Modern Elementary Particle Physics}",
      publisher        = "Redwood City, USA: Addison-Wesley (1987) 344 P. (The Advanced Book Program)",
      year           = "1987",
      reportNumber   = "ISBN-9780201624601",
      SLACcitation   = "%%CITATION = ISBN-9780201624601;%%"
}

@inproceedings{Altarelli:1998xf,
      author         = "Altarelli, Guido",
      title          = "{The Standard electroweak theory and beyond}",
      booktitle      = "{Neutrinos in physics and astrophysics from 10$^{-33}$ to 10$^{28}$cm. Proceedings, Conference, TASI'98, Boulder, USA, June 1-26, 1998}",
      url            = "http://inspirehep.net/record/479837/files/arXiv:hep-ph_9811456.pdf",
      year           = "1998",
      pages          = "27-93",
      eprint         = "hep-ph/9811456",
      archivePrefix  = "arXiv",
      primaryClass   = "hep-ph",
      reportNumber   = "CERN-TH-98-348",
      SLACcitation   = "%%CITATION = HEP-PH/9811456;%%"
}


%% Discovery Electron
@article{ElectronDiscovery,
      author         = "J. Thomson, J.",
      title          = "{Cathode Rays}",
      journal        = "Philosophical Magazine",
      volume         = "44",
      year           = "1897",
      pages          = "293",
}
%% 
@article{Bohr1913,
      author         = "Bohr, N.",
      title          = "{On the constitution of atoms and molecules}",
      journal        = "Philosophical Magazine",
      volume         = "26",
      year           = "1914",
      pages          = "1",
}
@article{Rutherford1913,
      author         = "Rutherford, E.",
      title          = "{The structure of the atom}",
      journal        = "Nature",
      volume         = "92",
      year           = "1913",
      pages          = "423",
}
@article{Heisenberg1932,
      author         = "Heisenberg, W.",
      title          = "{The structure of atomic nuclei. I}",
      journal        = "Z. Phys.",
      volume         = "77",
      year           = "1932",
      pages          = "1",
}
@article{Chadwick1932,
      author         = "Chadwick, J.",
      title          = "{Possible Existence of a Neutron}",
      journal        = "Nature",
      volume         = "129",
      year           = "1932",
      pages          = "312",
}
@article{Dirac1927,
      author         = "A. M. Dirac, P.",
      title          = "{The Quantum Theory of the Emission and Absorption of Radiation}",
      journal        = "Proc. R. Soc. Lond. A114",
      volume         = "243",
      year           = "1927",
      pages          = "710",
}
@article{Fermi1934,
      author         = "Fermi, E.",
      title          = "{Fermi's Theory of Beta Decay}",
      journal        = "Z. Phy.",
      volume         = "88",
      year           = "1934",
      pages          = "161",
}
@article{Yukawa:1935xg,
      author         = "Yukawa, Hideki",
      title          = "{On the Interaction of Elementary Particles I}",
      journal        = "Proc. Phys. Math. Soc. Jap.",
      volume         = "17",
      year           = "1935",
      pages          = "48-57",
      doi            = "10.1143/PTPS.1.1",
      note           = "[Prog. Theor. Phys. Suppl.1,1(1935)]",
      reportNumber   = "PRINT-92-0144",
      SLACcitation   = "%%CITATION = PPMJA,17,48;%%"
}


%%% Feynman work
@article{Feynman:1948ur,
      author         = "Feynman, R. P.",
      title          = "{Space-time approach to nonrelativistic quantum mechanics}",
      journal        = "Rev. Mod. Phys.",
      volume         = "20",
      year           = "1948",
      pages          = "367-387",
      doi            = "10.1103/RevModPhys.20.367",
      SLACcitation   = "%%CITATION = RMPHA,20,367;%%"
}
@article{Feynman:1949hz,
      author         = "Feynman, R. P.",
      title          = "{The Theory of positrons}",
      journal        = "Phys. Rev.",
      volume         = "76",
      year           = "1949",
      pages          = "749-759",
      doi            = "10.1103/PhysRev.76.749",
      SLACcitation   = "%%CITATION = PHRVA,76,749;%%"
}
@article{Feynman:1948km,
      author         = "Feynman, R. P.",
      title          = "{A Relativistic cutoff for classical electrodynamics}",
      journal        = "Phys. Rev.",
      volume         = "74",
      year           = "1948",
      pages          = "939-946",
      doi            = "10.1103/PhysRev.74.939",
      SLACcitation   = "%%CITATION = PHRVA,74,939;%%"
}

%% Tomonaga work
@article{Tomonaga:1948zz,
      author         = "Tomonaga, Sin-Itiro and Oppenheimer, J. R.",
      title          = "{On Infinite Field Reactions in Quantum Field Theory}",
      journal        = "Phys. Rev.",
      volume         = "74",
      year           = "1948",
      pages          = "224-225",
      doi            = "10.1103/PhysRev.74.224",
      SLACcitation   = "%%CITATION = PHRVA,74,224;%%"
}

%% Schwinger work
@article{Schwinger:1948iu,
      author         = "Schwinger, Julian S.",
      title          = "{On Quantum electrodynamics and the magnetic moment of the electron}",
      journal        = "Phys. Rev.",
      volume         = "73",
      year           = "1948",
      pages          = "416-417",
      doi            = "10.1103/PhysRev.73.416",
      SLACcitation   = "%%CITATION = PHRVA,73,416;%%"
}
@article{Schwinger:1948yk,
      author         = "Schwinger, Julian S.",
      title          = "{Quantum electrodynamics. I A covariant formulation}",
      journal        = "Phys. Rev.",
      volume         = "74",
      year           = "1948",
      pages          = "1439",
      doi            = "10.1103/PhysRev.74.1439",
      SLACcitation   = "%%CITATION = PHRVA,74,1439;%%"
}
@article{Dyson:1949bp,
      author         = "Dyson, F. J.",
      title          = "{The Radiation theories of Tomonaga, Schwinger, and Feynman}",
      journal        = "Phys. Rev.",
      volume         = "75",
      year           = "1949",
      pages          = "486-502",
      doi            = "10.1103/PhysRev.75.486",
      SLACcitation   = "%%CITATION = PHRVA,75,486;%%"
}

%%Eightfold way -- Murray Gell Mann
@article{GellMann:1964nj,
      author         = "Gell-Mann, Murray",
      title          = "{A Schematic Model of Baryons and Mesons}",
      journal        = "Phys. Lett.",
      volume         = "8",
      year           = "1964",
      pages          = "214-215",
      doi            = "10.1016/S0031-9163(64)92001-3",
      SLACcitation   = "%%CITATION = PHLTA,8,214;%%"
}
@article{Zweig:570209,
      author        = "Zweig, G",
      title         = "{An SU$_3$ model for strong interaction symmetry and its breaking; Version 2}",
      number        = "CERN-TH-412",
      pages         = "80 p",
      month         = "Feb",
      year          = "1964",
      url           = "https://cds.cern.ch/record/570209",
      note          = "Version 1 is CERN preprint 8182/TH.401, Jan. 17, 1964",
}

%% GIM mechanism
@article{Glashow:1970gm,
      author         = "Glashow, S. L. and Iliopoulos, J. and Maiani, L.",
      title          = "{Weak Interactions with Lepton-Hadron Symmetry}",
      journal        = "Phys. Rev.",
      volume         = "D2",
      year           = "1970",
      pages          = "1285-1292",
      doi            = "10.1103/PhysRevD.2.1285",
      SLACcitation   = "%%CITATION = PHRVA,D2,1285;%%"
}

%%% J/Psi
@article{Aubert:1974js,
      author         = "Aubert, J. J. and others",
      title          = "{Experimental Observation of a Heavy Particle J}",
      collaboration  = "E598",
      journal        = "Phys. Rev. Lett.",
      volume         = "33",
      year           = "1974",
      pages          = "1404-1406",
      doi            = "10.1103/PhysRevLett.33.1404",
      reportNumber   = "COO-3069-271",
      SLACcitation   = "%%CITATION = PRLTA,33,1404;%%"
}
@article{Augustin:1974xw,
      author         = "Augustin, J. E. and others",
      title          = "{Discovery of a Narrow Resonance in e+ e- Annihilation}",
      collaboration  = "SLAC-SP-017",
      journal        = "Phys. Rev. Lett.",
      volume         = "33",
      year           = "1974",
      pages          = "1406-1408",
      doi            = "10.1103/PhysRevLett.33.1406",
      note           = "[Adv. Exp. Phys.5,141(1976)]",
      reportNumber   = "SLAC-PUB-1504",
      SLACcitation   = "%%CITATION = PRLTA,33,1406;%%"
}

%%% Upsilon bbbar
@article{Herb:1977ek,
      author         = "Herb, S. W. and others",
      title          = "{Observation of a Dimuon Resonance at 9.5-GeV in 400-GeV Proton-Nucleus Collisions}",
      journal        = "Phys. Rev. Lett.",
      volume         = "39",
      year           = "1977",
      pages          = "252-255",
      doi            = "10.1103/PhysRevLett.39.252",
      reportNumber   = "FERMILAB-PUB-77-058-EXP, PRINT-77-0640 (COLUMBIA),
                        FERMILAB-PUB-77-058-E",
      SLACcitation   = "%%CITATION = PRLTA,39,252;%%"
}

%% Tau lepton
@article{Perl:1975bf,
      author         = "Perl, Martin L. and others",
      title          = "{Evidence for Anomalous Lepton Production in $e^{+}e^{-}$ Annihilation}",
      journal        = "Phys. Rev. Lett.",
      volume         = "35",
      year           = "1975",
      pages          = "1489-1492",
      doi            = "10.1103/PhysRevLett.35.1489",
      reportNumber   = "SLAC-PUB-1626, LBL-4228",
      SLACcitation   = "%%CITATION = PRLTA,35,1489;%%"
}

%% Top quark 
@article{Abe:1995hr,
      author         = "Abe, F. and others",
      title          = "{Observation of top quark production in $\bar{p}p$
                        collisions}",
      collaboration  = "CDF",
      journal        = "Phys. Rev. Lett.",
      volume         = "74",
      year           = "1995",
      pages          = "2626-2631",
      doi            = "10.1103/PhysRevLett.74.2626",
      eprint         = "hep-ex/9503002",
      archivePrefix  = "arXiv",
      primaryClass   = "hep-ex",
      reportNumber   = "FERMILAB-PUB-95-022-E, CDF-PUB-TOP-PUBLIC-3040,
                        ANL-HEP-PR-95-44",
      SLACcitation   = "%%CITATION = HEP-EX/9503002;%%"
}
@article{Abachi:1995iq,
      author         = "Abachi, S. and others",
      title          = "{Observation of the top quark}",
      collaboration  = "D0",
      journal        = "Phys. Rev. Lett.",
      volume         = "74",
      year           = "1995",
      pages          = "2632-2637",
      doi            = "10.1103/PhysRevLett.74.2632",
      eprint         = "hep-ex/9503003",
      archivePrefix  = "arXiv",
      primaryClass   = "hep-ex",
      reportNumber   = "FERMILAB-PUB-95-028-E",
      SLACcitation   = "%%CITATION = HEP-EX/9503003;%%"
}

%% Gluons
@article{Gluons1979,
      author         = "Wolf, G.",
      title          = "{High energy trends in $e^{+}e^{-}$ physics}",
      collaboration  = "TASSO",
      journal        = "Invited talk at Geneva Conference",
      year           = "1979"
}

%% Glashow, Salam, Weinberg
@article{Glashow:1961tr,
      author         = "Glashow, S. L.",
      title          = "{Partial Symmetries of Weak Interactions}",
      journal        = "Nucl. Phys.",
      volume         = "22",
      year           = "1961",
      pages          = "579-588",
      doi            = "10.1016/0029-5582(61)90469-2",
      SLACcitation   = "%%CITATION = NUPHA,22,579;%%"
}
@article{Salam:1964ry,
      author         = "Salam, Abdus and Ward, John Clive",
      title          = "{Electromagnetic and weak interactions}",
      journal        = "Phys. Lett.",
      volume         = "13",
      year           = "1964",
      pages          = "168-171",
      doi            = "10.1016/0031-9163(64)90711-5",
      SLACcitation   = "%%CITATION = PHLTA,13,168;%%"
}
@article{Weinberg:1967tq,
      author         = "Weinberg, Steven",
      title          = "{A Model of Leptons}",
      journal        = "Phys. Rev. Lett.",
      volume         = "19",
      year           = "1967",
      pages          = "1264-1266",
      doi            = "10.1103/PhysRevLett.19.1264",
      SLACcitation   = "%%CITATION = PRLTA,19,1264;%%"
}

%% W+/- Discovery
@article{Arnison:1983rp,
      author         = "Arnison, G. and others",
      title          = "{Experimental Observation of Isolated Large Transverse Energy Electrons with Associated Missing Energy at $\sqrt{s} = 540$ GeV}",
      booktitle      = "{In *Cline, D.B. (ed.): Weak neutral currents* 7.31-7.44}",
      collaboration  = "UA1",
      journal        = "Phys. Lett.",
      volume         = "B122",
      year           = "1983",
      pages          = "103-116",
      doi            = "10.1016/0370-2693(83)91177-2",
      reportNumber   = "CERN-EP-83-13",
      SLACcitation   = "%%CITATION = PHLTA,B122,103;%%"
}
@article{Banner:1983jy,
      author         = "Banner, M. and others",
      title          = "{Observation of Single Isolated Electrons of High Transverse Momentum in Events with Missing Transverse Energy at the CERN $p\bar{p}$ Collider}",
      collaboration  = "UA2",
      journal        = "Phys. Lett.",
      volume         = "B122",
      year           = "1983",
      pages          = "476-485",
      doi            = "10.1016/0370-2693(83)91605-2",
      reportNumber   = "CERN-EP-83-25",
      SLACcitation   = "%%CITATION = PHLTA,B122,476;%%"
}

%% Z boson discovery
@article{Arnison:1983mk,
      author         = "Arnison, G. and others",
      title          = "{Experimental Observation of Lepton Pairs of Invariant Mass Around 95-GeV/c$^{2}$ at the CERN SPS Collider}",
      collaboration  = "UA1",
      journal        = "Phys. Lett.",
      volume         = "B126",
      year           = "1983",
      pages          = "398-410",
      doi            = "10.1016/0370-2693(83)90188-0",
      reportNumber   = "CERN-EP-83-73",
      SLACcitation   = "%%CITATION = PHLTA,B126,398;%%"
}
@article{Arnison:1983zy,
      author         = "Arnison, G. and others",
      title          = "{Further Evidence for Charged Intermediate Vector Bosons at the SPS Collider}",
      collaboration  = "UA1",
      journal        = "Phys. Lett.",
      volume         = "B129",
      year           = "1983",
      pages          = "273-282",
      doi            = "10.1016/0370-2693(83)90860-2",
      reportNumber   = "CERN-EP/83-111",
      SLACcitation   = "%%CITATION = PHLTA,B129,273;%%"
}
@article{Bagnaia:1983zx,
      author         = "Bagnaia, P. and others",
      title          = "{Evidence for $Z^{0}\to e^{+}e^{-}$ at the CERN $p\bar{p}$ Collider}",
      collaboration  = "UA2",
      journal        = "Phys. Lett.",
      volume         = "B129",
      year           = "1983",
      pages          = "130-140",
      doi            = "10.1016/0370-2693(83)90744-X",
      reportNumber   = "CERN-EP-83-112",
      SLACcitation   = "%%CITATION = PHLTA,B129,130;%%"
}

%% Higgs Theory
@article{Englert:1964et,
      author         = "Englert, F. and Brout, R.",
      title          = "{Broken Symmetry and the Mass of Gauge Vector Mesons}",
      journal        = "Phys. Rev. Lett.",
      volume         = "13",
      year           = "1964",
      pages          = "321-323",
      doi            = "10.1103/PhysRevLett.13.321",
      SLACcitation   = "%%CITATION = PRLTA,13,321;%%"
}
@article{Guralnik:1964eu,
      author         = "Guralnik, G. S. and Hagen, C. R. and Kibble, T. W. B.",
      title          = "{Global Conservation Laws and Massless Particles}",
      journal        = "Phys. Rev. Lett.",
      volume         = "13",
      year           = "1964",
      pages          = "585-587",
      doi            = "10.1103/PhysRevLett.13.585",
      SLACcitation   = "%%CITATION = PRLTA,13,585;%%"
}
@article{Higgs:1964ia,
      author         = "Higgs, Peter W.",
      title          = "{Broken symmetries, massless particles and gauge fields}",
      journal        = "Phys. Lett.",
      volume         = "12",
      year           = "1964",
      pages          = "132-133",
      doi            = "10.1016/0031-9163(64)91136-9",
      SLACcitation   = "%%CITATION = PHLTA,12,132;%%"
}
@article{Higgs:1964pj,
      author         = "Higgs, Peter W.",
      title          = "{Broken Symmetries and the Masses of Gauge Bosons}",
      journal        = "Phys. Rev. Lett.",
      volume         = "13",
      year           = "1964",
      pages          = "508-509",
      doi            = "10.1103/PhysRevLett.13.508",
      SLACcitation   = "%%CITATION = PRLTA,13,508;%%"
}
@article{Higgs:1966ev,
      author         = "Higgs, Peter W.",
      title          = "{Spontaneous Symmetry Breakdown without Massless Bosons}",
      journal        = "Phys. Rev.",
      volume         = "145",
      year           = "1966",
      pages          = "1156-1163",
      doi            = "10.1103/PhysRev.145.1156",
      SLACcitation   = "%%CITATION = PHRVA,145,1156;%%"
}

%% Neutrino oscillations
@article{Fukuda:1998mi,
      author         = "Fukuda, Y. and others",
      title          = "{Evidence for oscillation of atmospheric neutrinos}",
      collaboration  = "Super-Kamiokande",
      journal        = "Phys. Rev. Lett.",
      volume         = "81",
      year           = "1998",
      pages          = "1562-1567",
      doi            = "10.1103/PhysRevLett.81.1562",
      eprint         = "hep-ex/9807003",
      archivePrefix  = "arXiv",
      primaryClass   = "hep-ex",
      reportNumber   = "BU-98-17, ICRR-REPORT-422-98-18, UCI-98-8,
                        KEK-PREPRINT-98-95, LSU-HEPA-5-98, UMD-98-003, SBHEP-98-5,
                        TKU-PAP-98-06, TIT-HPE-98-09",
      SLACcitation   = "%%CITATION = HEP-EX/9807003;%%"
}
@article{Fukuda:2001nk,
      author         = "Fukuda, S. and others",
      title          = "{Constraints on neutrino oscillations using 1258 days of Super-Kamiokande solar neutrino data}",
      collaboration  = "Super-Kamiokande",
      journal        = "Phys. Rev. Lett.",
      volume         = "86",
      year           = "2001",
      pages          = "5656-5660",
      doi            = "10.1103/PhysRevLett.86.5656",
      eprint         = "hep-ex/0103033",
      archivePrefix  = "arXiv",
      primaryClass   = "hep-ex",
      SLACcitation   = "%%CITATION = HEP-EX/0103033;%%"
}
@article{Araki:2004mb,
      author         = "Araki, T. and others",
      title          = "{Measurement of neutrino oscillation with KamLAND: Evidence of spectral distortion}",
      collaboration  = "KamLAND",
      journal        = "Phys. Rev. Lett.",
      volume         = "94",
      year           = "2005",
      pages          = "081801",
      doi            = "10.1103/PhysRevLett.94.081801",
      eprint         = "hep-ex/0406035",
      archivePrefix  = "arXiv",
      primaryClass   = "hep-ex",
      SLACcitation   = "%%CITATION = HEP-EX/0406035;%%"
}
@article{Michael:2006rx,
      author         = "Michael, D. G. and others",
      title          = "{Observation of muon neutrino disappearance with the MINOS detectors and the NuMI neutrino beam}",
      collaboration  = "MINOS",
      journal        = "Phys. Rev. Lett.",
      volume         = "97",
      year           = "2006",
      pages          = "191801",
      doi            = "10.1103/PhysRevLett.97.191801",
      eprint         = "hep-ex/0607088",
      archivePrefix  = "arXiv",
      primaryClass   = "hep-ex",
      reportNumber   = "FERMILAB-PUB-06-243, BNL-76806-2006-JA",
      SLACcitation   = "%%CITATION = HEP-EX/0607088;%%"
}

%% PDG
@article{Agashe:2014kda,
      author         = "Olive, K. A. and others",
      title          = "{Review of Particle Physics}",
      collaboration  = "Particle Data Group",
      journal        = "Chin. Phys.",
      volume         = "C38",
      year           = "2014",
      pages          = "090001",
      doi            = "10.1088/1674-1137/38/9/090001",
      SLACcitation   = "%%CITATION = CHPHD,C38,090001;%%"
}



%% QED
@book{Peskin:1995ev,
      author         = "Peskin, Michael E. and Schroeder, Daniel V.",
      title          = "{An Introduction to quantum field theory}",
      url            = "http://www.slac.stanford.edu/spires/find/books/www?cl=QC174.45%3AP4",
      journal        = "Reading, USA: Addison-Wesley (1995) 842 p",
      year           = "1995",
      reportNumber   = "ISBN-9780201503975",
      ISBN           = "9780201503975, 0201503972",
      SLACcitation   = "%%CITATION = ISBN-9780201503975;%%"
}
@article{Fock:1926fj,
      author         = "Fock, V.",
      title          = "{On the invariant form of the wave equation and the equations of motion for a charged point mass. (In German and English)}",
      journal        = "Z. Phys.",
      volume         = "39",
      year           = "1926",
      pages          = "226-232",
      doi            = "10.1007/BF01321989",
      note           = "[Surveys High Energ. Phys.5,245(1986)]",
      SLACcitation   = "%%CITATION = ZEPYA,39,226;%%"
}
@article{Weyl:1929fm,
      author         = "Weyl, H.",
      title          = "{Electron and Gravitation. 1. (In German)}",
      journal        = "Z. Phys.",
      volume         = "56",
      year           = "1929",
      pages          = "330-352",
      doi            = "10.1007/BF01339504",
      note           = "[Surveys High Energ. Phys.5,261(1986)]",
      SLACcitation   = "%%CITATION = ZEPYA,56,330;%%"
}
%% Alpha_s
@article{Kluth:2006vf,
      author         = "Kluth, S.",
      title          = "{Review of alpha(s) Measurements}",
      booktitle      = "{Proceedings of the 33rd International Conference on High Energy Physics (ICHEP '06)}",
      journal        = "Conf. Proc.",
      volume         = "C060726",
      year           = "2006",
      pages          = "449-452",
      note           = "[,449(2006)]",
      eprint         = "hep-ex/0609020",
      archivePrefix  = "arXiv",
      primaryClass   = "hep-ex",
      reportNumber   = "MPP-2006-115",
      SLACcitation   = "%%CITATION = HEP-EX/0609020;%%"
}
%% Asymptotic freedom
@article{Gross:1973ju,
      author         = "Gross, D. J. and Wilczek, Frank",
      title          = "{Asymptotically Free Gauge Theories. 1}",
      journal        = "Phys. Rev.",
      volume         = "D8",
      year           = "1973",
      pages          = "3633-3652",
      doi            = "10.1103/PhysRevD.8.3633",
      reportNumber   = "FERMILAB-PUB-73-049-T, FERMILAB-PUB-73-049-THY",
      SLACcitation   = "%%CITATION = PHRVA,D8,3633;%%"
}
@article{Gross:1974cs,
      author         = "Gross, D. J. and Wilczek, Frank",
      title          = "{Asymptotically Free Gauge Theories. 2.}",
      journal        = "Phys. Rev.",
      volume         = "D9",
      year           = "1974",
      pages          = "980-993",
      doi            = "10.1103/PhysRevD.9.980",
      SLACcitation   = "%%CITATION = PHRVA,D9,980;%%"
}
@article{Politzer:1974fr,
      author         = "Politzer, H. David",
      title          = "{Asymptotic Freedom: An Approach to Strong Interactions}",
      journal        = "Phys. Rept.",
      volume         = "14",
      year           = "1974",
      pages          = "129-180",
      doi            = "10.1016/0370-1573(74)90014-3",
      reportNumber   = "PRINT-74-1223 (HARVARD)",
      SLACcitation   = "%%CITATION = PRPLC,14,129;%%"
}

%%% Electroweak symmetry breaking
@article{Djouadi:2005gi,
      author         = "Djouadi, Abdelhak",
      title          = "{The Anatomy of electro-weak symmetry breaking. I: The Higgs boson in the standard model}",
      journal        = "Phys. Rept.",
      volume         = "457",
      year           = "2008",
      pages          = "1-216",
      doi            = "10.1016/j.physrep.2007.10.004",
      eprint         = "hep-ph/0503172",
      archivePrefix  = "arXiv",
      primaryClass   = "hep-ph",
      reportNumber   = "LPT-ORSAY-05-17",
      SLACcitation   = "%%CITATION = HEP-PH/0503172;%%"
}

%% astronomical and cosmological observation
@article{Ryabov:1900zz,
      author         = "Ryabov, V. A. and Tsarev, V. A. and Tskhovrebov, A. M.",
      title          = "{The search for dark matter particles}",
      journal        = "Phys. Usp.",
      volume         = "51",
      year           = "2008",
      pages          = "1091-1121",
      doi            = "10.1070/PU2008v051n11ABEH006599",
      SLACcitation   = "%%CITATION = PHUSE,51,1091;%%"
}
@book{Prakash2012,
      author         = "Prakash, Nirmala",
      title          = "{Dark Matter, Neutrinos, and Our Solar System}",
      publisher      = "World Scientific Publishing Company Inc.",
      year           = "2012",
      ISBN           = "9789814304535",
      SLACcitation   = "%%CITATION = INSPIRE-1263594;%%"
}
@article{Chernin:2008zz,
      author         = "Chernin, A. D.",
      title          = "{Dark energy and universal antigraviation}",
      journal        = "Phys. Usp.",
      volume         = "51",
      year           = "2008",
      pages          = "253-282",
      doi            = "10.1070/PU2008v051n03ABEH006320",
      SLACcitation   = "%%CITATION = PHUSE,51,253;%%"
}


%%Excited quark
@article{Pati:1975md,
      author         = "Pati, Jogesh C. and Salam, Abdus and Strathdee, J. A.",
      title          = "{Are Quarks Composite?}",
      journal        = "Phys. Lett.",
      volume         = "B59",
      year           = "1975",
      pages          = "265",
      doi            = "10.1016/0370-2693(75)90042-8",
      reportNumber   = "IC/75/139",
      SLACcitation   = "%%CITATION = PHLTA,B59,265;%%"
}

@article{Eichten:1983hw,
      author         = "Eichten, E. and Lane, Kenneth D. and Peskin, Michael E.",
      title          = "{New Tests for Quark and Lepton Substructure}",
      booktitle      = "{In *La Plagne 1983, Proceedings, Beyond The Standard
                        Model*, 369-378}",
      journal        = "Phys. Rev. Lett.",
      volume         = "50",
      year           = "1983",
      pages          = "811-814",
      doi            = "10.1103/PhysRevLett.50.811",
      reportNumber   = "SLAC-PUB-3128, FERMILAB-PUB-83-015-THY,
                        FERMILAB-PUB-83-015-T",
      SLACcitation   = "%%CITATION = PRLTA,50,811;%%"
}
@article{Baur:1987ga,                                                                                                                                                              
      author         = "Baur, U. and Hinchliffe, I. and Zeppenfeld, D.",
      title          = "{Excited Quark Production at Hadron Colliders}",
      journal        = "Int.J.Mod.Phys.",
      volume         = "A2",
      pages          = "1285",
      doi            = "10.1142/S0217751X87000661",
      year           = "1987",
      reportNumber   = "FERMILAB-CONF-87-102-T, MAD-PH-354, LBL-23645, C87-05-11",
      SLACcitation   = "%%CITATION = IMPAE,A2,1285;%%",
}
@article{Baur:1989kv,       
      author         = "Baur, U. and Spira, M. and Zerwas, P.M.",
      title          = "{Excited Quark and Lepton Production at Hadron Colliders}",
      journal        = "Phys.Rev.",  
      volume         = "D42",        
      pages          = "815-824",    
      doi            = "10.1103/PhysRevD.42.815",
      year           = "1990",       
      reportNumber   = "MAD-PH-534, PITHA-89-26",
      SLACcitation   = "%%CITATION = PHRVA,D42,815;%%",
}

%%%%%%%%%%%% Previous Searches
%%% ZEUS at HERA
@article{Breitweg:1997qa,
      author         = "Breitweg, J. and others",
      title          = "{A Search for excited fermions in $e^{+} p$ collisions at HERA}",
      collaboration  = "ZEUS",
      journal        = "Z. Phys.",
      volume         = "C76",
      year           = "1997",
      pages          = "631-646",
      doi            = "10.1007/s002880050585",
      eprint         = "hep-ex/9708007",
      archivePrefix  = "arXiv",
      primaryClass   = "hep-ex",
      reportNumber   = "DESY-97-112, ANL-HEP-PR-98-58",
      SLACcitation   = "%%CITATION = HEP-EX/9708007;%%"
}
%%% H1 at HERA
@article{Tome:966798,
      author        = "Tom\`{e}, Bernardo",
      title         = "{Search for Excited fermions}",
      journal       = "PoS",
      volume        = "HEP2005",
      pages         = "313",
      year          = "2005",
      url           = "https://cds.cern.ch/record/966798",
}
%%% CDF at Tevatron - Photon + jet
@article{CDFexclgj,
    author         = "Abe, F. and others",
    title          = "{Search for excited quarks in $p\bar{p}$ collisions at $\sqrt{s} = 1.8$ TeV}",
    collaboration  = "CDF",
    journal        = "Phys.Rev.Lett.",
    volume         = "72",
    pages          = "3004-3008",
    doi            = "10.1103/PhysRevLett.72.3004",
    year           = "1994",
    reportNumber   = "FERMILAB-PUB-93-341-E, CDF-PUB-EXOTIC-PUBLIC-2258",
    SLACcitation   = "%%CITATION = PRLTA,72,3004;%%",
}
%%% CDF at Tevatron - Dijet
@article{CDFexcljj,
    author         = "Abe, F. and others",
    title          = "{Search for new particles decaying to dijets at CDF}",
    collaboration  = "CDF",
    journal        = "Phys.Rev.",
    volume         = "D55",
    pages          = "5263-5268",
    doi            = "10.1103/PhysRevD.55.R5263",
    year           = "1997",
    eprint         = "hep-ex/9702004",
    archivePrefix  = "arXiv",
    primaryClass   = "hep-ex",
    reportNumber   = "FERMILAB-PUB-97-023-E, FERMILAB-PUB-98-173-EY",
    SLACcitation   = "%%CITATION = HEP-EX/9702004;%%",
}
%%% D0 at Tevatron - Dijet     
@article{D0excl,
    author         = "Abazov, V.M. and others",
    title          = "{Search for new particles in the two jet decay channel with the D0 detector}",
    collaboration  = "D0 Collaboration",
    journal        = "Phys.Rev.",
    volume         = "D69",
    pages          = "111101",
    doi            = "10.1103/PhysRevD.69.111101",
    year           = "2004",
    eprint         = "hep-ex/0308033",
    archivePrefix  = "arXiv",
    primaryClass   = "hep-ex",
    reportNumber   = "FERMILAB-PUB-03-459-E",
    SLACcitation   = "%%CITATION = HEP-EX/0308033;%%",
}
%%% ATLAS at LHC - Dijet
@article{Aad:2014aqa,
      author         = "Aad, Georges and others",
      title          = "{Search for new phenomena in the dijet mass distribution using $p-p$ collision data at $\sqrt{s}=8$ TeV with the ATLAS detector}",
      collaboration  = "ATLAS",
      journal        = "Phys. Rev.",
      volume         = "D91",
      year           = "2015",
      number         = "5",
      pages          = "052007",
      doi            = "10.1103/PhysRevD.91.052007",
      eprint         = "1407.1376",
      archivePrefix  = "arXiv",
      primaryClass   = "hep-ex",
      reportNumber   = "CERN-PH-EP-2014-147",
      SLACcitation   = "%%CITATION = ARXIV:1407.1376;%%"
}
%%% ATLAS at LHC - Photon + jet
@article{ATLASexcl8gj,
    author         = "Aad, Georges and others",
    title          = "{Search for new phenomena in photon+jet events collected in proton--proton collisions at $\sqrt{s}$ = 8 TeV with  the ATLAS detector}",
    collaboration  = "ATLAS Collaboration",
    year           = "2013",
    eprint         = "1309.3230",
    archivePrefix  = "arXiv",
    primaryClass   = "hep-ex",
    reportNumber   = "CERN-PH-EP-2013-126",
    SLACcitation   = "%%CITATION = ARXIV:1309.3230;%%",
}
%%%% CMS at LHC - Dijet
@article{CMSexcl8jj,
    author         = "Chatrchyan, Serguei and others",
    title          = "{Search for narrow resonances using the dijet mass spectrum in $pp$ collisions at $\sqrt{s} = 8$ TeV}",
    collaboration  = "CMS Collaboration",
    year           = "2013",
    eprint         = "1302.4794",
    archivePrefix  = "arXiv",
    primaryClass   = "hep-ex",
    reportNumber   = "CMS-EXO-12-016, CERN-PH-EP-2013-015",
    SLACcitation   = "%%CITATION = ARXIV:1302.4794;%%",
}

















